<?xml version="1.0" encoding="UTF-8"?><collection xmlns="http://www.loc.gov/MARC21/slim"><record><leader>00527nam--2200133-i-4500</leader><controlfield tag="001">000038565</controlfield><controlfield tag="002">20161230</controlfield><controlfield tag="005">20161230201041</controlfield><controlfield tag="008">060222s1000------------r-----000-0-eng-d</controlfield><datafield ind1=" " ind2=" " tag="080"><subfield code="a">551.46:539.16</subfield></datafield><datafield ind1=" " ind2=" " tag="245"><subfield code="a">Reference methods for marine radioactivity studies. sampling techniques and analytical procedures for the determination of selected radionuclides and their stable counterparts !:strontium, caesium, cerium,cobalt,zinc and others</subfield></datafield><datafield ind1=" " ind2=" " tag="260"><subfield code="a">Vienna, Iaea., 1970. 284 P</subfield></datafield><datafield ind1=" " ind2=" " tag="490"><subfield code="a">Technical Report Series</subfield></datafield><datafield ind1=" " ind2=" " tag="852"><subfield code="a">1875</subfield></datafield></record></collection>